2767 4334
293 530 298 535 .
502 372 887 501 *issa
1059 407 1230 507 ut.

172 559 281 652 cem
296 560 419 677 igitur
436 557 577 662 G²ffi³2
590 550 743 674 finique
757 555 838 674 ipse
853 583 1031 675 poenam
1046 561 1153 652 exuti

170 698 384 837 imposuit,
416 694 561 786 multas
582 725 655 814 per
675 696 862 813 regiones
880 721 1056 811 vagatus,
1074 699 1117 814 a)
1180 738 1185 747 ,

224 896 262 992 ⁸)
290 897 385 970 Nihil
408 900 525 969 attinet
544 898 640 992 plura
653 898 698 966 de
712 899 787 968 viro
805 896 874 968 hoc
901 867 1002 991 dodo
1026 897 1164 971 dicero·

273 1001 329 1072 Cf.
349 1000 556 1085 Thuanunt,¹
569 1000 593 1071 l.
610 1024 642 1071 c.
667 998 796 1071 Teisset
816 1001 852 1069 in
868 998 982 1070 Addit.
999 1005 1044 1067 ad
1057 1005 1150 1089 Elog.

273 1108 396 1175 ssuaa.
413 1108 449 1172 P.
467 1105 511 1173 II.
526 1127 562 1198 p.
580 1125 620 1172 ut
632 1123 664 1188 3.
687 1122 723 1172 et
736 1102 795 1170 vit.
812 1101 1023 1170 Hottomanni
1040 1124 1059 1171 a
1074 1102 1151 1174 Do-

136 1200 148 1205 ’
274 1203 367 1295 schio
386 1208 480 1303 Opp.
498 1207 580 1291 eius,
603 1227 631 1277 a.
653 1224 763 1292 1700.
781 1203 864 1276 edit.
878 1199 1069 1300 praefixam.
1098 1198 1101 1203 ’

538 1447 795 1539 LXXXII.

171 1598 449 1834 Aotttvs
482 1634 801 1697 eauuantvs
832 1603 992 1692 meliori
1020 1601 1153 1695 fortu-

186 1728 190 1735 ’
310 1776 362 1834 na
388 1743 535 1858 dignus
560 1744 648 1833 fuit
717 1741 1032 1857 Elegantiffimae
1063 1771 1160 1829 eru-=
1196 1828 1212 1861 -.

171 1877 339 1962 ditionis
363 1882 483 1993 copia
512 1879 748 1993 instructus,
787 1875 1001 1965 felicisstma
1024 1878 1163 1966 imita.
1207 1906 1211 1912 ’

174 2010 300 2114 tione,
327 2012 371 2098 in
395 2014 580 2100 oratione
603 2015 876 2118 Ciceronem,
909 2014 953 2102 in
974 2011 1153 2105 vetfibus
1176 2121 1204 2136 ..

174 2144 409 2235 Lucretium
443 2149 634 2265 expreffit.
703 2137 905 2266 Equidem
940 2140 1153 2269 nunquam
1192 2155 1196 2160 ’

174 2282 279 2373 illius
297 2283 439 2403 scripta
465 2272 562 2400 legi,
581 2286 679 2404 quin
688 2267 812 2373 'valde
828 2285 1053 2388 delet‘tarer,
1070 2284 1154 2411 sua-

175 2419 404 2539 uisstmaqqe
426 2422 637 2542 voluptate
656 2440 867 2525 recrearer.
912 2421 1066 2510 Habuit
1085 2414 1154 2545 hit:

176 2572 341 2673 magnas
370 2590 466 2646 cum
494 2559 673 2679 stupore
687 2587 727 2648 et
754 2558 899 2646 malitia
926 2557 1154 2659 monacho·
1201 2640 1205 2649 .

176 2723 270 2782 tum
290 2697 586 2789 contentiones.
645 2698 742 2787 Hos
763 2694 936 2784 offendit
958 2696 1169 2783 maximo·

143 2832 147 2843 '
175 2830 276 2948 pete
287 2831 387 2920 liber
405 2833 507 2922 illius
526 2840 570 2923 de
587 2840 740 2952 atteritis
757 2836 897 2925 mortis
916 2834 1009 2925 chri
1038 2838 1078 2924 i:
1109 2832 1155 2929 hi

176 2967 302 3086 impie
319 2968 432 3059 illum
451 2970 583 3059 dixisse
609 2972 897 3061 clamauerunt:
928 2968 1164 3087 lnquifitio-¹

119 3152 121 3235 ζ
176 3133 273 3191 nem
296 3104 414 3196 ticam
440 3106 514 3195 esse
542 3106 753 3197 disttidam
777 3111 822 3196 in
844 3096 1154 3199 Litteratos2‘hi
1218 3198 1222 3223 ,

118 3238 123 3345 Ξ
178 3239 363 3328 nostrum
390 3228 591 3347 res'sacras
609 3246 777 3361 eleganti
796 3244 983 3332 oratione
1010 3239 1165 3351 deseri.-
1205 3316 1208 3325 .

118 3442 120 3447 -
176 3376 273 3465 bere*
297 3405 411 3495 aegre
435 3380 620 3472 tulerunt
684 3381 836 3496 Magna
854 3384 956 3469 veto
983 3380 1152 3476 crimina

177 3541 219 3604 et
243 3507 478 3606 horrenda!
498 3602 501 3610 ,
524 3517 604 3607 Sed
629 3516 728 3636 quid
751 3518 906 3607 multa?
953 3518 1151 3610 Paleariut

118 3662 120 3671 '
175 3650 279 3757 iussu¹
302 3655 366 3744 Pii
382 3658 437 3749 V.
463 3687 497 3748 a.
524 3661 625 3767 1566.
647 3658 810 3752 Romae
835 3657 960 3749 uiuus
980 3655 1168 3745 eumue.

161 3784 277 3919 aiut·
301 3794 352 3913 ς’)
582 3826 585 3831 ·

1120 3982 1179 4040 ἡ
1191 3965 1243 4038 *iu
