2767 4334
357 335 360 354 ·
531 292 601 403 Ω
626 347 629 363 ¹
656 293 718 414 ‘i-
771 289 888 405 Ε
1086 321 1187 420 ²03

179 490 287 582 nom
305 483 451 585 mittit,
474 504 515 569 et
534 478 642 568 suant
660 458 816 586 barisani
835 445 979 564 contra
994 456 1168 568 Vocko·

176 618 350 719 rodium
377 618 566 709 defendit.
592 611 594 615 '
630 598 751 703 Haec
773 616 872 702 dum
893 641 1082 728 aguntur,
1101 618 1162 704 Si·
1196 656 1199 661 ·

179 762 291 859 mon
317 759 525 874 Philippus
547 753 871 866 menrigiusar)
920 746 1183 845 Licentiarus·
1229 774 1259 850 “.

183 894 417 994 Medicinae
442 919 483 981 et
510 874 684 981 Senator
704 887 1073 1004 Longosaliffensrs,
1117 891 1165 980 li.
1210 966 1215 987 ,
1246 944 1248 947 ·

186 1043 310 1128 brum
335 1032 537 1153 quendam
562 1058 659 1117 cum
677 1027 839 1117 censura
854 1030 1011 1119 Frobm't‘
1027 1028 1166 1117 Muhl-

183 1173 273 1268 husi
292 1167 606 1290 imprimendum
624 1172 758 1272 curat‚'
777 1167 821 1253 in
837 1196 922 1282 quo
939 1167 1169 1255 dotirinam
1227 1205 1229 1210 ·

150 1411 156 1426 „
186 1311 472 1402 Chiliastarum
488 1305 700 1424 proponit.
739 1294 743 1305 ’
767 1304 911 1392 Multis
927 1304 1006 1391 iarn
1028 1305 1173 1434 plaguf
1254 1304 1259 1310 ’

187 1453 239 1540 lis
255 1428 404 1539 excusis
428 1471 544 1562 atque
564 1443 761 1555 aFrobnio
777 1443 1002 1546 moedis,
1016 1444 1172 1533 'Eilma-

191 1620 268 1680 nur
284 1578 445 1695 'certior
470 1582 587 1669 huius
621 1583 679 1666 rei
707 1578 834 1667 fadus
871 1577 1204 1693 Consistoriurn,

179 1727 296 1828 adit,
322 1747 440 1838 atqup
463 1746 508 1806 vt
529 1715 731 1833 impreffio
753 1717 1048 1835 typographica
1070 1716 1176 1817 inbi-
1199 1802 1204 1810 ,

195 1865 348 1964 beatur,
371 1855 553 1976 postulat
623 1856 810 1942 Frohniur
826 1856 994 1942 minime
1017 1858 1175 1944 cundia·

200 2026 266 2087 tus
282 1996 337 2086 sui
361 2023 401 2084 et
417 1996 615 2121 Klitwigii
632 1988 908 2080 defensionem
923 1989 1099 2109 suscipit,
1118 2015 1176 2081 at-
1256 2045 1258 2051 ,

202 2166 292 2254 que.
309 2134 443 2223 multis
468 2117 688 2219 ostendero.
703 2127 853 2233 studet,
878 2128 1179 2219 editionemat-
1240 2166 1250 2202 τ

206 2303 281 2391 que
291 2269 625 2388 approbationem
639 2266 757 2355 huius
765 2264 900 2385 scripti
917 2296 1048 2384 neque
1064 2296 1180 2381 aegre

162 2488 164 2493 .
203 2410 412 2501 ferendam
445 2401 578 2523 neque
602 2404 686 2493 vilo
716 2405 847 2492 modo
882 2406 1181 2523 prohibendam

204 2547 293 2635 effe.
361 2538 677 2633 Controuetsrae
697 2542 770 2653 hae
792 2543 1184 2633 intermarana
1223 2557 1229 2562 “

207 2686 431 2776 Eilrnatum
449 2713 537 2769 non
553 2668 850 2796 statirn‘sopitae
870 2663 1041 2770 fuerunt.
1067 2728 1070 2739 -
1097 2681 1186 2771 Hic*

210 2822 323 2911 enim
348 2822 460 2923 illum
485 2819 620 2908 multis
648 2819 835 2932 grauibus
870 2818 1185 2910 accusationibus

208 2985 476 3048 onetauerat:
510 2958 623 3045 illum
646 2955 815 3062 docere,
841 2957 952 3047 bona
973 2987 1097 3076 opera
1111 2953 1186 3046 esse

209 3096 261 3186 ad
283 3095 446 3184 salutern
469 3093 692 3184 neceffatia:
728 3095 840 3183 illurn
867 3126 1029 3212 negare,
1062 3124 1187 3212 quen·

162 3299 165 3304 -
212 3264 337 3352 quam
354 3232 541 3348 sanguine
557 3231 709 3321 Christi
725 3231 931 3351 mundari,
952 3231 1023 3322 nifi
1040 3233 1084 3322 in
1096 3233 1189 3321 luce

211 3375 294 3460 iarn
310 3370 504 3461 ambulett
532 3369 684 3488 saepius
703 3369 785 3459 fine
801 3372 959 3488 ptae'uia
974 3367 1189 3461 confeffio.

210 3537 267 3602 ne
284 3509 334 3599 ad
344 3507 631 3598 Eucharistiam
645 3508 843 3615 acceffiffa
859 3509 985 3630 ipsum
1004 3507 1087 3615 fibi,
1096 3509 1191 3597 licet

155 3718 159 3747 f
212 3646 484 3768 praesentibus
502 3646 583 3734 aliis
599 3643 886 3756 sacerdotibus,
904 3642 1191 3739 Eu‘charistian

162 3780 168 3793 '
212 3784 447 3914 praebuisse,
455 3782 701 3913 pietistarum
714 3784 897 3921 hymnos
912 3789 1023 3876 libro
1038 3786 1254 3989 mma&

1152 3941 1200 3995 ’ᾗ
