2767 4334
175 540 233 609 na
258 522 549 640 et'Hispanica
582 526 744 614 censura
781 542 969 621 oneratus
979 578 997 626 ·‚
1046 525 1156 625 aulae

178 658 359 749 Gallicae
389 660 541 750 fastidia
561 661 693 767 sensit,
729 664 770 751 et¹
800 693 852 749 eo
880 659 1044 748 tandem
1065 690 1155 763 rem

150 798 414 911 .perdullam
436 799 510 886 elle
533 801 653 904 vidit,
688 826 733 888 vt
728 798 944 921 quaedam
967 816 1152 902 mutaret',

171 933 251 1021 alia
269 934 430 1040 leniret,
450 937 520 1024 alia
534 938 652 1054 plane
669 908 900 1024 detraheret
970 937 1154 1025 Tantum
1179 968 1184 979 ·

113 1082 115 1090 “
175 1048 390 1225 prnfeilo'
404 1074 548 1162 odium
582 1074 689 1189 apud
724 1076 914 1165 Clericos
936 1073 1154 1187 Romanos

173 1210 362 1297 excitauit
376 1209 537 1297 historia
555 1215 733 1314 Thumi,
768 1241 891 1328 quem
902 1209 1153 1299 Lutherano-

174 1374 268 1441 rum
285 1346 467 1462 partibus
483 1351 610 1462 magis
628 1379 750 1465 quam
761 1325 1072 1437 Catholicoruni
1097 1344 1153 1434 fa·
1192 1331 1195 1341 ¹

171 1511 272 1571 nere
303 1485 553 1588 clamabant,
568 1510 632 1573 vr
655 1485 761 1574 filius
788 1487 970 1593 Thuam',
1003 1482 1167 1601 eodem-
1180 1476 1187 1499 ⁹

174 1621 344 1708 nomine
363 1608 589 1736 infignitus'‚
615 1625 754 1739 eapitis
772 1623 998 1739 periculum
1012 1621 1167 1733 adirem·
1198 1728 1203 1744 .

175 1782 217 1842 et
233 1758 481 1847 luculentum
496 1761 725 1875 exemplum
742 1758 958 1883 proderet,
975 1788 1063 1844 non
1080 1789 1150 1874 pa·
1220 1817 1222 1823 -

113 1973 115 1999 ,
170 1893 303 1977 tribus
319 1891 468 1998 solum
486 1895 552 1983 sed
575 1898 666 1984 filiis
690 1928 858 2023 quoque
877 1893 1150 1983 interdumli-

112 2013 118 2024 ”
150 2042 153 2047 ’
172 2027 273 2114 bros
293 2016 543 2144 perniciosos
560 2032 647 2127 effe.
716 2037 923 2123 Rirhelius
931 2032 1063 2134 enim,
1079 2024 1173 2148 qui‘

176 2166 413 2269 Thuanum,
442 2167 557 2284 quod
575 2171 748 2285 aliquem
764 2174 966 2259 maiorum
984 2167 1151 2258 suorum

138 2302 145 2308 ’
170 2298 480 2426 nominanernt,
511 2334 600 2393 non
610 2305 837 2393 nudauerat
852 2357 871 2409 ‚·
895 2302 1000 2420 quan
1020 2332 1149 2417 genus
1193 2350 1195 2355 ·

169 2426 454 2528 Richeliornm
477 2472 567 2529 non
588 2442 680 2529 satis·
691 2443 837 2530 illustre
862 2441 982 2546 ellet,
1016 2469 1165 2557 neque=

166 2574 446 2666 honorificam
471 2577 558 2666 satis
580 2568 754 2703 Richelii
771 2577 1149 2693 mentio-nemjsece-

168 2739 243 2817 rat,
274 2714 379 2832 (vid.
399 2719 526 2805 Parin.
546 2717 618 2831 Ep.
633 2712 726 2839 7²5.)
755 2719 918 2841 capitali·
932 2715 1033 2809 odio
1054 2745 1147 2831 per-

170 2846 328 2965 secutns
357 2850 439 2955 est,
483 2852 727 2961 vlciscendae
750 2855 927 2942 iniuriae·
941 2852 1148 2943 libidinem

169 2985 215 3073 in
228 2987 315 3074 filio
333 2980 518 3105 expleuit.
580 2993 684 3079 Sunt
711 3015 867 3094 tamen,
894 2993 964 3106 qui
982 3014 1147 3104 putent,
1196 3066 1201 3090 .

167 3122 264 3210 ideo
297 3124 425 3213 filium
453 3125 582 3242 capite
610 3126 684 3215 elle
710 3131 918 3243 punitum,
950 3125 1147 3240 quonlam

168 3261 344 3363 nemini,
371 3262 540 3349 Henrici
566 3262 731 3351 d’Effiat
754 3249 975 3375 confilium·
996 3258 1165 3385 Riche--

168 3396 269 3484 lium
287 3398 553 3502 interimendi,
573 3397 781 3487 derexiffet.
821 3399 977 3511 Iacobus
993 3390 1146 3489 Marel-

168 3532 326 3639 dursub
342 3534 441 3622 fino
459 3523 743 3651 1111111111
765 3540 863 3626 Galli
883 3538 1051 3625 nomine
1067 3536 1144 3624 Hi-

169 3672 335 3761 storiam
357 3672 521 3760 Thuani
538 3672 663 3760 ¹notin
684 3673 893 3785 illustrare,
936 3699 977 3760 er
1006 3672 1143 3758 nullo-

168 3811 486 3899 remeommuni
513 3811 701 3901 omnium
723 3812 822 3901 odio
841 3836 1044 3927 exponere
1066 3840 1143 3895 vo-

171 3970 177 3983 ’
1073 3943 1183 4024 Xn'n.
