2767 4334
239 397 313 519 ¹8⁶
502 452 506 471 1
568 388 657 503 ea
676 387 753 531 ,r
808 392 887 505 ur

195 592 200 608 “
238 573 461 671 Academia
475 576 679 669 Altorlina
697 566 863 696 a'ccepiu
907 578 1058 695 Neque
1076 584 1221 673 umen

134 795 141 811 .,
177 760 182 773 ’
238 712 454 835 perfidiam
471 714 727 803 ret-malitiam
750 713 838 804 luae
855 717 983 830 gentis
1000 721 1125 822 eruit,¹
1149 716 1221 809 sed

178 884 181 889 ·
239 882 360 971 quam
377 878 450 937 ore
464 848 764 967 profellu'serat,
775 850 1142 943 animodetessatus
1161 856 1220 947 est

237 988 476 1077 dominam.
536 989 639 1079 Hoc
659 1014 771 1095 certe
792 987 964 1077 *consilio
988 989 1037 1075 ab
1053 1019 1107 1101 eo
1122 992 1217 1083 edi·

144 1234 147 1239 ·
180 1210 208 1241 ,Ι
237 1122 376 1215 tus-est
394 1123 515 1213 liber:
548 1127 877 1244 GaliRalzr'a,seu
892 1126 1140 1215 occultorum
1156 1134 1217 1220 de·

219 1264 360 1361 acciit,
375 1261 412 1348 h.
428 1292 458 1349 e.
478 1264 696 1377 musiroio
715 1268 956 1376 dogmatum,
973 1290 1068 1380 quae
1082 1274 1214 1355 onnus

163 1398 169 1423 '
236 1397 402 1496 Rabbiui
416 1396 732 1515 reeiesentientes
747 1422 839 1489 ante.
852 1424 890 1488 et
899 1401 982 1514 pust
997 1400 1136 1513 Christi
1149 1432 1222 1493 na.

235 1542 433 1627 tiuitarem
456 1538 500 1630 de
523 1538 673 1623 unitate
696 1532 864 1647 affentitie
890 1538 1057 1645 diuinae,
1080 1534 1221 1631 Trini-

235 1696 316 1763 tate
338 1670 582 1786 personarum
605 1697 649 1757 ac
668 1666 810 1780 Meffia
826 1670 1034 1785 posteritati
1055 1670 1216 1786 relique·

235 1833 345 1903 runt.
361 1806 629 1919 Noriliergae
645 1810 750 1922 1605.
771 1830 811 1891 et
828 1805 983 1907 Stetiui
1000 1810 1091 1917 1613..
1109 1808 1220 1895 Hoc

235 1948 343 2034 libro
360 1942 529 2032 homo
518 1943 666 2055 rmpius
682 1944 873 2058 improbe
890 1943 1102 2047 mentitur,
1129 1974 1251 2043 rna-

163 2070 169 2085 ’
234 2085 361 2173 ximus
381 2078 549 2205 ineptias
572 2076 752 2194 profert,
777 2078 955 2209 nihilque
982 2078 1087 2166 aliud
1108 2082 1264 2194 agit,

235 2252 357 2341 quarn
379 2241 425 2304 vt
444 2200 654 2309 ridiculam
682 2202 824 2305 reddat
843 2214 1109 2304 sarrfflffimam
1132 2249 1216 2305 no-

233 2356 373 2449 stram
386 2351 623 2481 religionem
665 2370 834 2473 eamque
875 2353 919 2440 in
951 2376 1213 2440 contemtum

235 2482 344 2613 apud
363 2486 532 2604 ludaeos
548 2488 761 2577 aduncae·
798 2488 955 2579 Verum
976 2486 1100 2575 idem
1104 2487 1211 2579 liber

232 2632 309 2725 suo
339 2628 494 2717 auelori
523 2623 648 2719 fatalis
683 2625 769 2715 fuit.
838 2630 1040 2717 Nouerat
1051 2624 1212 2740 hom0,

234 2790 399 2887 quantas
426 2760 625 2851 fraudes
613 2794 656 2850 m
686 2763 772 2851 hoc
792 2764 898 2852 libro
932 2760 1209 2869 commififfet,
1197 2668 1264 2848 3

234 2932 337 3023 quae
362 2898 569 2991 mendacia
599 2898 786 3018 sparsisset
810 2926 928 3017 atque
958 2900 1074 2986 valde
1096 2928 1205 2989 vere·

232 3045 369 3144 batur,
403 3068 455 3128 ne
475 3062 516 3127 et
538 3038 605 3127 alii
622 3034 729 3124 hanc
750 3034 933 3123 fraudem
953 3033 1254 3163 indagarent,
1262 3112 1264 3119 ,

232 3208 276 3269 et
290 3178 371 3297 ipse
348 3172 757 3293 esuaeimprobitatis
771 3200 923 3311 poenas
939 3172 1080 3262 daret.
1111 3174 1210 3264 Post

171 3426 173 3433 Α
233 3342 327 3409 taes
337 3345 468 3405 annos
487 3314 609 3426 igitur
631 3310 740 3397 vltro'
756 3336 924 3399 munere
947 3307 1018 3399 suo
1043 3308 1210 3401 disceffit

234 3458 353 3575 atque
376 3454 481 3539 clam
496 3444 619 3537 -ab'iit
686 3446 786 3563 Quo
802 3445 1099 3538 .se··oontulerit
1139 3474 1212 3540 aut

227 3621 335 3715 quae
363 3587 440 3677 fatu
454 3585 621 3707 posthac
635 3581 820 3705 expertus
831 3580 903 3693 lit,
925 3615 1014 3674 non
1036 3583 1210 3675 constat.

224 3729 283 3819 cri
303 3729 435 3818 Placc.
459 3731 504 3817 de
518 3726 711 3847 Annum
735 3730 885 3871 P0⁶87·
909 3750 951 3819 et
976 3723 1173 3847 Mayerss
1160 3756 1209 3815 1n

203 3866 395 3962 labaoth
420 3866 512 3966 bibl
538 3898 583 3993 P·
604 3896 706 3985 23
1073 3918 1242 4078 lim
