2767 4334
138 522 172 619 ⁸)
200 522 241 593 Ia
255 520 347 605 eplrt
372 510 456 583 Hal
463 562 473 596 ,
516 510 720 603 Theologus
747 506 975 601 Anglicanus,
1014 506 1068 575 vir

184 620 301 705 multis
317 618 460 711 egregiis
481 616 592 695 libris,
614 616 719 683 tribus
746 613 845 681 tomis
866 610 981 689 editis,
1003 608 1068 677 cla-

181 716 346 799 riffimus,
367 724 496 787 nomam
512 713 799 784 irreconciliabilem
816 710 948 805 scripsit,
968 735 1068 803 quam

182 828 219 895 1.
235 828 293 893 Fr,
304 826 456 907 Mayerrs
467 822 681 899 examinarit,
696 837 730 885 et
746 816 858 885 indice
869 836 998 897 eorum,
1009 817 1069 908 qui

183 930 319 995 Romam
339 920 595 991 reconciliabilem
614 918 902 998 existimauerunt,
924 919 1069 991 ornauit.

242 1029 295 1097 Ex
314 1026 441 1097 iudicio
464 1022 629 1095 Mosbemii
651 1021 788 1113 ingenio
811 1042 879 1089 non
905 1020 1068 1093 mediocri

176 1132 305 1213 valuit,
330 1130 385 1199 eui
399 1128 568 1198 interdum
586 1124 678 1215 plus,
705 1144 806 1213 quam
826 1120 898 1193 satis
916 1120 978 1205 est,
1008 1128 1066 1195 ui.

183 1234 275 1305 buit.
297 1256 332 1303 v.
344 1233 444 1301 Bura
460 1223 570 1297 Lexic.
587 1224 676 1293 Vniu.
690 1222 798 1310 histor.
812 1226 849 1293 P.
867 1226 908 1295 11.
925 1246 960 1317 p.
978 1248 1013 1311 7,

138 1352 145 1405 ι
250 1362 258 1376 ,
405 1356 413 1369 .
635 1352 642 1365 .

150 1358 379 1540 ’illi
393 1352 1070 1551 iffiu'imih‘l‘ilf

184 1580 245 1631 rus
272 1562 308 1631 in
332 1560 421 1649 libro
443 1558 548 1629 modo
570 1558 703 1629 laudato
737 1557 886 1630 exhibet.
923 1564 976 1630 'ln
1002 1574 1073 1655 qu'e

185 1682 323 1759 praeter
342 1660 402 1737 alia
423 1658 507 1730 haec
528 1658 614 1731 sunt.
666 1662 759 1749 „Dic
776 1660 859 1732 mihi
876 1684 937 1753 per
954 1662 1070 1733 Deum

185 1764 446 1858 „immortalem
462 1768 581 1857 magne
597 1762 744 1857 praesul,
761 1764 842 1855 quid
861 1764 994 1833 tandem
1011 1764 1068 1849 est,

190 1866 310 1967 ²,quod
330 1886 366 1937 te
389 1866 486 1935 nobis
508 1866 582 1958 post
604 1867 733 1959 aliquot
752 1888 914 1937 annorum
940 1890 1070 1937 moram

151 2048 154 2053 ¹
190 1970 281 2065 „nm
305 1968 349 2037 de
370 1967 480 2038 subito
501 1970 652 2061 abripere
673 1972 884 2061 Romamque
909 1968 1070 2063 pellicere

186 2072 351 2167 „potuiti
377 2071 555 2161 Numquid
576 2068 741 2163 inhospita
765 2070 904 2142 tibivisa
923 2070 1069 2167 eligens

187 2170 321 2264 „nostra
330 2175 344 2241 ?
354 2172 505 2243 minusne
520 2195 619 2264 quam
632 2170 724 2239 forte
739 2170 882 2266 speratas
890 2176 1073 2249 viroribus

187 2278 281 2368 „tuis
297 2275 487 2347 indultum?
507 2272 637 2343 Causari
656 2273 740 2341 illud
755 2273 909 2364 proselio
922 2301 990 2345 non
1004 2300 1078 2370 po·¹

188 2398 286 2475 „tes,
316 2380 350 2449 in
369 2400 470 2471 quem
488 2378 575 2471 larga
596 2371 817 2469 benignillnni
835 2379 936 2469 Regis
954 2390 1077 2451 manue

188 2500 284 2573 „tam
308 2480 436 2573 ampla,
470 2498 538 2550 tam
560 2480 672 2576 opima
695 2472 858 2577 congeffit
881 2479 970 2550 vltro
994 2506 1070 2557 mu·

148 2604 156 2615 ’
187 2604 329 2673 ,‚nera„
356 2602 421 2653 etc.

139 2706 179 2803 ⁸)
202 2712 261 2783 De
277 2709 447 2780 Palinodia
463 2708 682 2781 Eruditorum
701 2710 766 2779 Iol.
787 2710 960 2781 Schmidiis
979 2716 1068 2813 Lips.

192 2818 306 2901 1697·
325 2812 480 2905 disputat.
505 2810 639 2895 habuit,
653 2814 710 2883 ·de
725 2813 894 2905 palinodia
911 2815 997 2893 sacra
1012 2820 1071 2891 seu

187 2915 476 2987 retrailationihus
500 2914 761 3012 Theologorum
788 2918 822 2985 in
843 2918 942 2989 rebus
960 2920 1077 3011 fidei,¹

187 3015 356 3104 Frustking
374 3016 491 3087 Viteb.
510 3038 539 3084 a.
565 3040 674 3104 1711.
692 3018 843 3088 libellum
859 3018 990 3113 scripfit.
1014 3026 1071 3094 De

186 3138 343 3195 veterum
366 3117 565 3189 emendandi
587 3121 851 3213 tettaliandique
868 3119 978 3195 studio
1001 3128 1069 3203 Iri.

188 3221 351 3291 Schulzins
364 3218 398 3289 in
404 3218 483 3311 flor.
489 3216 655 3313 sprrston.·
669 3223 737 3311 egit
759 3248 795 3317 p.
813 3228 849 3295 6.

140 3330 173 3435 t)
205 3341 275 3414 Alii
286 3342 355 3413 hoc
369 3343 416 3413 ob
433 3344 556 3415 litteras
572 3345 613 3413 ad
627 3346 803 3432 Iacobum,
820 3372 953 3445 regem,
968 3372 1070 3445 atque

190 3445 366 3517 liberiores
382 3445 425 3517 de
439 3446 595 3519 Concilio
610 3448 824 3535 Tridentino,
838 3472 873 3521 et
888 3456 1069 3529 concordia

190 3570 277 3726 paup)
289 3546 545 3633 Protestantibus
568 3549 712 3623 ineunda
733 3549 900 3627 sermones
918 3558 1070 3653 accidille

205 3674 255 3721 cri
278 3672 352 3722 unt.
394 3677 398 3689 ¹

140 3758 257 3859 ³)'De
273 3764 342 3835 hoe
355 3768 475 3837 Marco
495 3762 540 3837 cf.
559 3769 785 3840 Grammondus
805 3774 845 3843 L.
860 3776 919 3848 Ill.
937 3774 1010 3847 hist.
1031 3800 1067 3869 p.

192 3872 278 3959 196.
303 3868 477 3944 Abrabam.
495 3868 636 3943 Bzovius
650 3874 689 3947 in
707 3874 919 3949 nataliono
931 3884 1097 3959 amttam.
