2767 4334
163 201 1211 249 m?-

557 272 626 383 3
686 238 757 396 ᾧ,
802 272 871 383 Ω
995 315 1002 327 ἱ
1114 312 1119 323 ι

224 454 461 561 incudem
477 452 758 577 reuocandi,
779 454 1038 578 accuratius
1058 446 1206 555 etdi·

223 594 452 731 iigentius
469 590 779 697 examinandi
796 591 1204 731 ‘edendiquecon-

227 730 640 863 filiumtepimns.
707 728 903 865 Qare,
936 724 1200 863 siquando

144 870 168 941 Γ
225 867 376 971 nobis
404 870 561 971 otium
586 864 682 972 fuit
714 866 989 989 concesium
1016 889 1065 969 et
1083 862 1201 966 libe·

226 1036 338 1108 rum
386 1032 580 1141 tempus
635 1035 941 1141 vacuumque
992 1000 1203 1136 negotiis

225 1141 462 1279 publiciS,
497 1144 818 1261 relaxauimus
853 1144 1096 1271 animum,
1141 1135 1205 1241 ad

225 1280 573 1387 mansuetiores
621 1288 733 1385 nos'
752 1276 910 1385 Maias
957 1276 1206 1381 reuocaui-

145 1522 156 1539 ,
205 1398 338 1520 'inus
359 1442 505 1573 atque
526 1418 580 1519 in
597 1415 701 1521 hoc
719 1419 849 1521 libro
872 1414 1082 1521 nostram
1109 1410 1208 1513 'col-

123 1582 128 1591 ·
224 1548 498 1658 locaurmus
518 1581 720 1685 operam
746 1570 795 1650 et
813 1546 1036 1653 studium.
1093 1547 1205 1655 Fuit

223 1711 348 1783 vero
366 1713 472 1785 non
489 1685 644 1786 solum
668 1686 764 1817 ipsa
782 1717 857 1787 res
883 1684 1024 1787 valde
1042 1682 1202 1786 iucun-

227 1816 291 1921 da
314 1842 365 1921 et
388 1818 451 1921 ad
481 1816 859 1924 deletiationem
892 1821 1199 1937 animiapta,

195 1994 197 1999 ·
225 1954 307 2059 sed
333 1956 497 2061 omnis
525 1957 605 2060 illa
627 1959 902 2064 iucunditas
924 1940 1199 2083 maffia-eeu

225 2093 392 2222 antia,
436 2095 576 2228 quod
612 2097 837 2201 scribenti
869 2083 987 2201 mihi
1014 2082 1201 2206 semper

225 2226 398 2365 imago
425 2232 636 2369 Bergeri
660 2234 907 2339 obuerfita
942 2214 1041 2371 eiij
1069 2243 1211 2367 qUO,

225 2363 305 2467 fia
318 2366 660 2499 Wrnsdoffo
679 2400 729 2475 et
741 2360 1012 2463 Menckemo
1030 2346 1207 2448 disces·

226 2502 393 2629 serim,
412 2506 572 2609 nullus
595 2503 713 2607 atius
737 2494 821 2629 est,
840 2515 986 2620 quem
1010 2481 1086 2583 vel
1105 2509 1207 2587 ma-

225 2640 307 2777 gis
349 2670 515 2747 amem
555 2664 603 2737 et
639 2634 794 2738 coium
827 2622 908 2729 vel
944 2619 1022 2726 cui
1061 2619 1204 2759 plura

227 2776 450 2884 debeam.

341 2897 517 3005 Prodit
543 2904 690 3051 igitur
719 2898 804 3004 hic
832 2895 1025 3003 libellus
1053 2917 1202 3030 atque

220 3042 291 3135 ita
317 3034 516 3167 quidem
550 3036 748 3169 prodit,
790 3061 845 3143 vt
870 3037 1012 3172 piane
1038 3060 1200 3137 nouus

223 3161 401 3271 censeri
441 3160 654 3271 debeat:
700 3177 837 3305 quod
876 3172 1029 3279 cuiuis
1065 3167 1203 3275 hune

179 3398 182 3403 ,
223 3330 336 3409 cum
367 3299 454 3403 illo
489 3306 794 3438 comparanti
828 3308 969 3414 facile
1003 3335 1206 3447 appare·

204 3439 305 3543 ‚bit
391 3435 577 3575 Neque
604 3442 739 3547 enim
765 3468 956 3551 tantum
979 3442 1206 3583 plurimis

217 3574 358 3689 illum
382 3577 628 3714 exemplis·
644 3582 868 3687 auximus
888 3584 968 3686 sed
995 3582 1210 3721 diligen·

219 3736 295 3820 ter
315 3706 844 3881 quoqualaudauimus
863 3717 1101 3881 austures,
1119 3718 1213 3961 qctlti

1178 3886 1211 3971 Q
